@Book{blauth2010,
  author = 	  {Paulo Blauth Menezes},
  title = 		 {Matematica Discreta para Computa\c{c}\~{a}o e Inform\'{a}tica},
  publisher = 	 {Editora Bookman},
  year = 		 {2010},
  edition = 	 {3$^a$ edi\c{c}\~{a}o}
}

@Book{lopez2009,
  ALTauthor = 	 {Javier Garcia Lopez and Laira Vieira Toscaniand and Paulo Blauth Menezes},
  title = 		 {Aprendendo Matem\'atica Discreta com Exerc\'icios},
  publisher = 	 {Editora Bookman},
  year = 		 {2009},
    edition = 	 {1$^a$ edi\c{c}\~{a}o},
}


@Book{rosen2008,
  author = 	 {Kenneth H. Rosen},
  title = 		 {Matem\'atica Discreta e suas Aplica\c{c}\~oes},
  publisher = 	 {Editora McGraw Hill - Artmed},
  year = 		 {2008},
edition = 	 {6$^a$ edi\c{c}\~{a}o},
}


@Book{lip2004,
  ALTauthor = 	 {Seymour Lipschutz and Marc Lipson},
  title = 		 {Matem\'atica Discreta},
  publisher = 	 {Editora Bookman},
  year = 		 {2004},
  edition = 	 {2$^a$ edi\c{c}\~{a}o},
  }

@Book{ed2010,
  ALTauthor = 	 {Edward R. Scheinerman},
  title = 		 {Matem\'atica Discreta - uma Introdu\c{c}\~{a}o},
  publisher = 	 {Editora Censage},
  year = 		 {2010},
  edition = 	 {1$^a$ edi\c{c}\~{a}o},
  }

@Book{concreta1995,
  author = 	 {Matem\'atica Concreta -- Fundamentos para a Ci\^encia da Computa\c{c}\~ao},
  title = 		 {Editora LTC},
  publisher = 	 {Oren Patashnik and Ronald R. Grahan and Donald Ervin Knuth},
  year = 		 {1995},
  edition = 	 {2$^a$ edi\c{c}\~{a}o},
  }


@Book{edgard2008,
  author = 	 {Edgard de Alencar Filho},
  title = 		 {Inicia\c{c}\~ao A L\'ogica Matem\'atica},
  publisher = 	 {Editora Nobel},
  year = 		 {2008},
    edition = 	 {21$^a$ edi\c{c}\~ao},
  }


@Book{santos2007,
  author = 	 {Jos\'e Pl\'inio O. Santos and Margarida P. Mello and Idani T. C. Murari},
  title = 	 {Introdu\c{c}\~ao \`a An\'alise Combin\'at\'oria},
  publisher = 	 {Editora Ci\^encia Moderma},
  year = 	 {4$^a$ edi\c{c}\~ao, 2007},
}

